<record><leader>00000cas a22000007a 4500</leader><controlfield tag="001">12201558</controlfield><controlfield tag="008">850626d18871900wiuwr ne      0    0eng d</controlfield><datafield ind1=" " ind2=" " tag="010"><subfield code="a">sn 85040826 </subfield></datafield><datafield ind1=" " ind2=" " tag="040"><subfield code="a">NPV</subfield><subfield code="b">eng</subfield><subfield code="c">NPV</subfield><subfield code="d">OCLCQ</subfield></datafield><datafield ind1=" " ind2=" " tag="042"><subfield code="a">msc</subfield></datafield><datafield ind1="0" ind2="4" tag="245"><subfield code="a">The Centralia enterprise and tribune.</subfield></datafield><datafield ind1=" " ind2=" " tag="260"><subfield code="a">Centralia [i.e. Wisconsin Rapids], Wis. :</subfield><subfield code="b">Rossier &amp; Brundage,</subfield><subfield code="c">1887-1900.</subfield></datafield><datafield ind1=" " ind2=" " tag="300"><subfield code="a">v.</subfield></datafield><datafield ind1=" " ind2=" " tag="310"><subfield code="a">Weekly</subfield></datafield><datafield ind1="0" ind2=" " tag="362"><subfield code="a">Enterprise vol. 9, no. 3 (June 4, 1887)-v. 21, no. 44, (Apr. 14, 1900) = Tribune vol. 15, no. 6-v. 27, no. 49.</subfield></datafield><datafield ind1=" " ind2=" " tag="752"><subfield code="a">United States</subfield><subfield code="b">Wisconsin</subfield><subfield code="c">Wood</subfield><subfield code="d">Wisconsin Rapids.</subfield></datafield><datafield ind1="0" ind2="4" tag="780"><subfield code="t">Centralia enterprise (Wisconsin Rapids, Wis.)</subfield><subfield code="w">(DLC)sn 85040825</subfield></datafield><datafield ind1="0" ind2="4" tag="780"><subfield code="t">Grand Rapids tribune (Wisconsin Rapids, Wis. : 1873 : Weekly)</subfield><subfield code="w">(DLC)sn 85033073</subfield></datafield><datafield ind1="0" ind2="7" tag="785"><subfield code="t">Grand Rapids tribune (Wisconsin Rapids, Wis. : 1900 : Weekly)</subfield><subfield code="w">(DLC)sn 85040827</subfield></datafield></record>